@online{riscv,
author = {Andrew Waterman and Yunsup Lee and David Patterson and Krste Asanovic},
title = {The RISC-V Instruction Set Manual Volume I: User-Level ISA},
year = {2014},
url = {http://riscv.org/specifications/},
}

@book{bigBook,
author = {John L Hernnessy and David A Patterson},
title = {Computer Architecture: A Quantitive Approach, Fith Edition},
year = {2012}
}

@book{smallerBook,
author = {William Stallings},
title = {Computer Organization and Architecture Architecture: Designing for Performance, Eighth Edition},
year = {2010}
}
